@misc{WikipediaQlearning,
  title = {https://en.wikipedia.org/wiki/Q-learning},
  howpublished = \url{https://en.wikipedia.org/wiki/Q-learning},
  note = {Accessed: 2018-06-2}
}


@misc{Deepmind,
  title = {https://deepmind.com/research/dqn/},
  howpublished = \url{https://deepmind.com/research/dqn/},
  note = {Accessed: 2018-06-2}
}

@misc{Naturepaper,
  title = {https://storage.googleapis.com/deepmind-media/dqn/DQNNaturePaper.pdf},
  howpublished = \url{https://storage.googleapis.com/deepmind-media/dqn/DQNNaturePaper.pdf},
  note = {Accessed: 2018-06-2}
}

@misc{Youtube1,
  title = {https://www.youtube.com/watch?v=yjpzOmyn2mU},
  howpublished = \url{https://www.youtube.com/watch?v=yjpzOmyn2mU},
  note = {Accessed: 2018-06-2}
}

@misc{Youtube2,
  title = {https://www.youtube.com/watch?v=SvzGFHClGfY},
  howpublished = \url{https://www.youtube.com/watch?v=SvzGFHClGfY},
  note = {Accessed: 2018-06-2}
}


@misc{rosrtabmap,
  title = {http://wiki.ros.org/rtabmap},
  howpublished = \url{http://wiki.ros.org/rtabmap},
  note = {Accessed: 2018-03-24}
}

@misc{Wikipediaslamlist,
  title = {https://en.wikipedia.org/wiki/List\_of\_SLAM\_Methods},
  howpublished = \url{https://en.wikipedia.org/wiki/List\_of\_SLAM\_Methods},
  note = {Accessed: 2018-03-24}
}

@misc{ieeepaper,
  title = {http://ieeexplore.ieee.org/document/1308008/},
  howpublished = \url{http://ieeexplore.ieee.org/document/1308008/},
  note = {Accessed: 2018-03-24}
}

@misc{arxivpaper,
  title = {https://arxiv.org/pdf/1606.05830.pdf},
  howpublished = \url{https://arxiv.org/pdf/1606.05830.pdf},
  note = {Accessed: 2018-03-24}
}


@misc{arxiv2,
  title = {https://arxiv.org/ftp/arxiv/papers/1710/1710.02726.pdf},
  howpublished = \url{https://arxiv.org/ftp/arxiv/papers/1710/1710.02726.pdf},
  note = {Accessed: 2018-03-24}
}

@misc{udacitynotes,
  title = {https://classroom.udacity.com/nanodegrees/nd209/parts/dad7b7cc-9cce-4be4-876e-30935216c8fa/modules/aec2781f-e368-4e1e-9aef-d46aeee55354/lessons/0f504827-ab9c-4280-913f-413e4df602be/concepts/333568e8-649e-4548-8337-49b5b36ddd25},
  howpublished = \url{https://classroom.udacity.com/nanodegrees/nd209/parts/dad7b7cc-9cce-4be4-876e-30935216c8fa/modules/aec2781f-e368-4e1e-9aef-d46aeee55354/lessons/0f504827-ab9c-4280-913f-413e4df602be/concepts/333568e8-649e-4548-8337-49b5b36ddd25},
  note = {Accessed: 2018-03-24}
}

@misc{loopclosuredef,
  title = {https://pdfs.semanticscholar.org/533d/cfc1cb34897d3ba2e86c4b2e95fc8778148d.pdf},
  howpublished = \url{https://pdfs.semanticscholar.org/533d/cfc1cb34897d3ba2e86c4b2e95fc8778148d.pdf},
  note = {Accessed: 2018-03-24}
}


@misc{depthimagetolaserscan,
  title = {http://wiki.ros.org/depthimage\_to\_laserscan},
  howpublished = \url{http://wiki.ros.org/depthimage\_to\_laserscan},
  note = {Accessed: 2018-03-24}
}
 
